@misc{50_years_QCD,
  doi       = {10.48550/ARXIV.2212.11107},
  url       = {https://arxiv.org/abs/2212.11107},
  author    = {Gross, Franz and Klempt, Eberhard and Brodsky, Stanley J. and Buras, Andrzej J. and Burkert, Volker D. and Heinrich, Gudrun and Jakobs, Karl and Meyer, Curtis A. and Orginos, Kostas and Strickland, Michael and Stachel, Johanna and Zanderighi, Giulia and Brambilla, Nora and Braun-Munzinger, Peter and Britzger, Daniel and Capstick, Simon and Cohen, Tom and Crede, Volker and Constantinou, Martha and Davies, Christine and Del Debbio, Luigi and Denig, Achim and DeTar, Carleton and Deur, Alexandre and Dokshitzer, Yuri and Dosch, Hans Günter and Dudek, Jozef and Dunford, Monica and Epelbaum, Evgeny and Escobedo, Miguel A. and Fritzsch, Harald and Fukushima, Kenji and Gambino, Paolo and Gillberg, Dag and Gottlieb, Steven and Grafstrom, Per and Grazzini, Massimiliano and Grube, Boris and Guskov, Alexey and Iijima, Toru and Ji, Xiangdong and Karsch, Frithjof and Kluth, Stefan and Kogut, John B. and Krauss, Frank and Kumano, Shunzo and Leinweber, Derek and Leutwyler, Heinrich and Li, Hai-Bo and Li, Yang and Malaescu, Bogdan and Mariotti, Chiara and Maris, Pieter and Marzani, Simone and Melnitchouk, Wally and Messchendorp, Johan and Meyer, Harvey and Mitchell, Ryan Edward and Mondal, Chandan and Nerling, Frank and Neubert, Sebastian and Pappagallo, Marco and Pastore, Saori and Peláez, José R. and Puckett, Andrew and Qiu, Jianwei and Rabbertz, Klaus and Ramos, Alberto and Rossi, Patrizia and Rustamov, Anar and Schäfer, Andreas and Scherer, Stefan and Schindler, Matthias and Schramm, Steven and Shifman, Mikhail and Shuryak, Edward and Sjöstrand, Torbjörn and Sterman, George and Stewart, Iain W. and Stroth, Joachim and Swanson, Eric and de Téramond, Guy F. and Thoma, Ulrike and Vairo, Antonio and van Dyk, Danny and Vary, James and Virto, Javier and Vos, Marcel and Weiss, Christian and Wobisch, Markus and Wu, Sau Lan and Young, Christopher and Yuan, Feng and Zhao, Xingbo and Zhou, Xiaorong},
  keywords  = {High Energy Physics - Phenomenology (hep-ph), High Energy Physics - Experiment (hep-ex), High Energy Physics - Lattice (hep-lat), High Energy Physics - Theory (hep-th), FOS: Physical sciences, FOS: Physical sciences},
  title     = {50 Years of Quantum Chromodynamics},
  publisher = {arXiv},
  year      = {2022},
  copyright = {arXiv.org perpetual, non-exclusive license}
}

@article{Altarelli:1977zs,
  author       = {Altarelli, Guido and Parisi, G.},
  title        = {Asymptotic Freedom in Parton Language},
  reportnumber = {LPTENS-77-6},
  doi          = {10.1016/0550-3213(77)90384-4},
  journal      = {Nucl. Phys. B},
  volume       = {126},
  pages        = {298--318},
  year         = {1977}
}

@book{Alvarez-Gaumé:1384365,
  author    = {Alvarez-Gaumé, Luis and Vázquez-Mozo, Miguel A},
  title     = {An invitation to quantum field theory},
  publisher = {Springer},
  address   = {Berlin},
  series    = {Lecture notes in physics},
  year      = {2011},
  url       = {https://cds.cern.ch/record/1384365},
  doi       = {10.1007/978-3-642-23728-7}
}

@article{Ball_2010,
  doi       = {10.1007/jhep05(2010)075},
  url       = {https://doi.org/10.1007\%2Fjhep05\%282010\%29075},
  year      = {2010},
  month     = {may},
  publisher = {Springer Science and Business Media {LLC}},
  volume    = {2010},
  number    = {5},
  author    = {Richard D. Ball and   and Luigi Del Debbio and Stefano Forte and Alberto Guffanti and Jos{\'{e}} I. Latorre and Juan Rojo and Maria Ubiali},
  title     = {Fitting parton distribution data with multiplicative normalization uncertainties},
  journal   = {Journal of High Energy Physics}
}

@book{Bjorken:100769,
  author    = {Bjorken, James D and Drell, Sidney David},
  title     = {Relativistic quantum mechanics},
  publisher = {McGraw-Hill},
  address   = {New York, NY},
  series    = {International series in pure and applied physics},
  year      = {1964},
  url       = {https://cds.cern.ch/record/100769}
}

@book{collins_2011,
  place      = {Cambridge},
  series     = {Cambridge Monographs on Particle Physics, Nuclear Physics and Cosmology},
  title      = {Foundations of Perturbative QCD},
  doi        = {10.1017/CBO9780511975592},
  publisher  = {Cambridge University Press},
  author     = {Collins, John},
  year       = {2011},
  collection = {Cambridge Monographs on Particle Physics, Nuclear Physics and Cosmology}
}

@article{deFlorian,
  title     = {QCD analysis of unpolarized and polarized \ensuremath{\Lambda}-baryon production in leading and next-to-leading order},
  author    = {de Florian, D. and Stratmann, M. and Vogelsang, W.},
  journal   = {Phys. Rev. D},
  volume    = {57},
  issue     = {9},
  pages     = {5811--5824},
  numpages  = {0},
  year      = {1998},
  month     = {5},
  publisher = {American Physical Society},
  doi       = {10.1103/PhysRevD.57.5811},
  url       = {https://link.aps.org/doi/10.1103/PhysRevD.57.5811}
}

@book{ellis_stirling_webber_1996,
  place      = {Cambridge},
  series     = {Cambridge Monographs on Particle Physics, Nuclear Physics and Cosmology},
  title      = {QCD and Collider Physics},
  doi        = {10.1017/CBO9780511628788},
  publisher  = {Cambridge University Press},
  author     = {Ellis, R. K. and Stirling, W. J. and Webber, B. R.},
  year       = {1996},
  collection = {Cambridge Monographs on Particle Physics, Nuclear Physics and Cosmology}
}

@article{Glashow:1961tr,
  author  = {Glashow, S. L.},
  title   = {Partial Symmetries of Weak Interactions},
  doi     = {10.1016/0029-5582(61)90469-2},
  journal = {Nucl. Phys.},
  volume  = {22},
  pages   = {579--588},
  year    = {1961}
}

@book{GoluVanl96,
  title     = {Matrix Computations},
  author    = {Golub, Gene H. and Van Loan, Charles F.},
  publisher = {The Johns Hopkins University Press},
  year      = {1996},
  edition   = {Third}
}

@article{METZ2016136,
  title    = {Parton fragmentation functions},
  journal  = {Progress in Particle and Nuclear Physics},
  volume   = {91},
  pages    = {136-202},
  year     = {2016},
  issn     = {0146-6410},
  doi      = {https://doi.org/10.1016/j.ppnp.2016.08.003},
  url      = {https://www.sciencedirect.com/science/article/pii/S014664101630045X},
  author   = {A. Metz and A. Vossen},
  keywords = {High-energy collisions, Parton fragmentation, Spin physics}
}

@misc{PhD_Nocera,
  doi       = {10.48550/ARXIV.1403.0440},
  url       = {https://arxiv.org/abs/1403.0440},
  author    = {Nocera, Emanuele Roberto},
  keywords  = {High Energy Physics - Phenomenology (hep-ph), FOS: Physical sciences, FOS: Physical sciences},
  title     = {Unbiased spin-dependent Parton Distribution Functions},
  publisher = {arXiv},
  year      = {2014},
  copyright = {arXiv.org perpetual, non-exclusive license}
}

@article{Salam:1968rm,
  author  = {Salam, Abdus},
  title   = {Weak and Electromagnetic Interactions},
  doi     = {10.1142/9789812795915_0034},
  journal = {Conf. Proc. C},
  volume  = {680519},
  pages   = {367--377},
  year    = {1968}
}

@book{srednicki_2007,
  place     = {Cambridge},
  title     = {Quantum Field Theory},
  doi       = {10.1017/CBO9780511813917},
  publisher = {Cambridge University Press},
  author    = {Srednicki, Mark},
  year      = {2007}
}

@misc{thennpdfcollaboration2013unbiased,
  title         = {Unbiased determination of polarized parton distributions and their uncertainties},
  author        = {The NNPDF Collaboration and Richard D. Ball and Stefano Forte and Alberto Guffanti and Emanuele R. Nocera and Giovanni Ridolfi and Juan Rojo},
  year          = {2013},
  eprint        = {1303.7236},
  archiveprefix = {arXiv},
  primaryclass  = {hep-ph}
}

@article{Weinberg:1967tq,
  author  = {Weinberg, Steven},
  title   = {A Model of Leptons},
  doi     = {10.1103/PhysRevLett.19.1264},
  journal = {Phys. Rev. Lett.},
  volume  = {19},
  pages   = {1264--1266},
  year    = {1967}
}

@article{Abele:2021nyo,
    author = {Abele, Maurizio and de Florian, Daniel and Vogelsang, Werner},
    title = {Approximate NNLO QCD corrections to semi-inclusive DIS},
    eprint = {2109.00847},
    archivePrefix = {arXiv},
    primaryClass = {hep-ph},
    doi = {10.1103/PhysRevD.104.094046},
    journal = {Phys. Rev. D},
    volume = {104},
    number = {9},
    pages = {094046},
    year = {2021}
}

@article{Furmanski:1981cw,
    author = {Furmanski, W. and Petronzio, R.},
    title = {Lepton - Hadron Processes Beyond Leading Order in Quantum Chromodynamics},
    reportNumber = {CERN-TH-3046},
    doi = {10.1007/BF01578280},
    journal = {Z. Phys. C},
    volume = {11},
    pages = {293},
    year = {1982}
}

@article{Altarelli:1979kv,
    author = "Altarelli, Guido and Ellis, R. Keith and Martinelli, G. and Pi, So-Young",
    title = "{Processes Involving Fragmentation Functions Beyond the Leading Order in QCD}",
    reportNumber = "MIT-CTP-793",
    doi = "10.1016/0550-3213(79)90062-2",
    journal = "Nucl. Phys. B",
    volume = "160",
    pages = "301--329",
    year = "1979"
}

@article{Bonvini:2010tp,
    author = {Bonvini, Marco and Forte, Stefano and Ridolfi, Giovanni},
    title = {Soft gluon resummation of Drell-Yan rapidity distributions: Theory and phenomenology},
    eprint = {1009.5691},
    archivePrefix = {arXiv},
    primaryClass = {hep-ph},
    reportNumber = {IFUM-964-FT, GEF-TH-3-10},
    doi = {10.1016/j.nuclphysb.2011.01.023},
    journal = {Nucl. Phys. B},
    volume = {847},
    pages = {93--159},
    year = {2011}
}

@article{Gehrmann:1997ez,
    author = {Gehrmann, T.},
    title = {QCD corrections to double and single spin asymmetries in vector boson production at polarized hadron colliders},
    eprint = {hep-ph/9710508},
    archivePrefix = {arXiv},
    reportNumber = {DESY-97-205},
    doi = {10.1016/S0550-3213(98)00541-0},
    journal = {Nucl. Phys. B},
    volume = {534},
    pages = {21--39},
    year = {1998}
}

@article{Gehrmann:1997pi,
    author = "Gehrmann, T.",
    title = "{QCD corrections to the longitudinally polarized Drell-Yan process}",
    eprint = "hep-ph/9702263",
    archivePrefix = "arXiv",
    reportNumber = "DESY-97-014",
    doi = "10.1016/S0550-3213(97)00271-X",
    journal = "Nucl. Phys. B",
    volume = "498",
    pages = "245--266",
    year = "1997"
}

@article{Stump:2001gu,
    author = "Stump, D. and Pumplin, J. and Brock, R. and Casey, D. and Huston, J. and Kalk, J. and Lai, H. L. and Tung, W. K.",
    title = "{Uncertainties of predictions from parton distribution functions. 1. The Lagrange multiplier method}",
    eprint = "hep-ph/0101051",
    archivePrefix = "arXiv",
    reportNumber = "MSU-HEP-07102, CERN-TH-2000-359",
    doi = "10.1103/PhysRevD.65.014012",
    journal = "Phys. Rev. D",
    volume = "65",
    pages = "014012",
    year = "2001"
}

@article{Pumplin:2001ct,
    author = "Pumplin, J. and Stump, D. and Brock, R. and Casey, D. and Huston, J. and Kalk, J. and Lai, H. L. and Tung, W. K.",
    title = "{Uncertainties of predictions from parton distribution functions. 2. The Hessian method}",
    eprint = "hep-ph/0101032",
    archivePrefix = "arXiv",
    reportNumber = "MSU-HEP-07101, CERN-TH-2000-360",
    doi = "10.1103/PhysRevD.65.014013",
    journal = "Phys. Rev. D",
    volume = "65",
    pages = "014013",
    year = "2001"
}

@book{Nummethod,
author = {Press, William H. and Teukolsky, Saul A. and Vetterling, William T. and Flannery, Brian P.},
title = {Numerical Recipes 3rd Edition: The Art of Scientific Computing},
year = {2007},
isbn = {0521880688},
publisher = {Cambridge University Press},
address = {USA},
edition = {3}
}