@article{Bertone:2017gds,
    author = "Bertone, Valerio",
    editor = "Klein, Uta",
    title = "{APFEL++: A new PDF evolution library in C++}",
    eprint = "1708.00911",
    archivePrefix = "arXiv",
    primaryClass = "hep-ph",
    doi = "10.22323/1.297.0201",
    journal = "PoS",
    volume = "DIS2017",
    pages = "201",
    year = "2018"
}

@article{Bertone:2016lga,
    author = "Bertone, Valerio and Carrazza, Stefano and Hartland, Nathan P.",
    title = "{APFELgrid: a high performance tool for parton density determinations}",
    eprint = "1605.02070",
    archivePrefix = "arXiv",
    primaryClass = "hep-ph",
    reportNumber = "CERN-TH-2016-103",
    doi = "10.1016/j.cpc.2016.10.006",
    journal = "Comput. Phys. Commun.",
    volume = "212",
    pages = "205--209",
    year = "2017"
}

@article{AbdulKhalek:2020uza,
    author = "Abdul Khalek, Rabah and Bertone, Valerio",
    title = "{On the derivatives of feed-forward neural networks}",
    eprint = "2005.07039",
    archivePrefix = "arXiv",
    primaryClass = "physics.comp-ph",
    reportNumber = "Nikhef/2020-011",
    month = "5",
    year = "2020"
}

@article{Buckley:2014ana,
    author = {Buckley, Andy and Ferrando, James and Lloyd, Stephen and Nordstr\"om, Karl and Page, Ben and R\"ufenacht, Martin and Sch\"onherr, Marek and Watt, Graeme},
    title = "{LHAPDF6: parton density access in the LHC precision era}",
    eprint = "1412.7420",
    archivePrefix = "arXiv",
    primaryClass = "hep-ph",
    reportNumber = "GLAS-PPE-2014-05, MCNET-14-29, IPPP-14-111, DCPT-14-222",
    doi = "10.1140/epjc/s10052-015-3318-8",
    journal = "Eur. Phys. J. C",
    volume = "75",
    pages = "132",
    year = "2015"
}

@book{10.5555/1403886,
author = {Press, William H. and Teukolsky, Saul A. and Vetterling, William T. and Flannery, Brian P.},
title = {Numerical Recipes 3rd Edition: The Art of Scientific Computing},
year = {2007},
isbn = {0521880688},
publisher = {Cambridge University Press},
address = {USA},
edition = {3}
}

@article{Forte:2002fg,
    author = "Forte, Stefano and Garrido, Lluis and Latorre, Jose I. and Piccione, Andrea",
    title = "{Neural network parametrization of deep inelastic structure functions}",
    eprint = "hep-ph/0204232",
    archivePrefix = "arXiv",
    reportNumber = "GEF-TH-3-02, RM3-TH-02-01",
    doi = "10.1088/1126-6708/2002/05/062",
    journal = "JHEP",
    volume = "05",
    pages = "062",
    year = "2002"
}

@book{Bishop,
    author = {Bishop, Christopher M.},
    title = {Pattern Recognition and Machine Learning (Information Science and Statistics)},
    year = {2006},
    isbn = {0387310738},
    publisher = {Springer-Verlag},
    address = {Berlin, Heidelberg}
}

@article{HBLV,
    author = {{Mehta}, Pankaj and {Bukov}, Marin and {Wang}, Ching-Hao and {Day}, Alexandre G.~R. and {Richardson}, Clint and {Fisher}, Charles K. and {Schwab}, David J.},
    title = "{A high-bias, low-variance introduction to Machine Learning for physicists}",
    journal = "Physics Reports",
    keywords = {Physics - Computational Physics, Condensed Matter - Statistical Mechanics, Computer Science - Machine Learning, Statistics - Machine Learning},
    year = 2019,
    month = "5",
    volume = {810},
    pages = {1-124},
    doi = {10.1016/j.physrep.2019.03.001},
    archivePrefix = {arXiv},
    eprint = {1803.08823},
    primaryClass = {physics.comp-ph},
    adsurl = {https://ui.adsabs.harvard.edu/abs/2019PhR...810....1M},
    adsnote = {Provided by the SAO/NASA Astrophysics Data System}
}

@article{Forte:2010dt,
    author = "Forte, Stefano",
    editor = "Pire, Bernard and Cirelli, Marco and Colas, Paul and Djouadi, Abdelhak and Lounis, Abdenour and Machefert, Frederic and Wormser, Guy",
    title = "{Parton distributions at the dawn of the LHC}",
    eprint = "1011.5247",
    archivePrefix = "arXiv",
    primaryClass = "hep-ph",
    reportNumber = "IFUM-967-FT",
    journal = "Acta Phys. Polon. B",
    volume = "41",
    pages = "2859--2920",
    year = "2010"
}

@phdthesis{Nocera:2014vla,
    author = "Nocera, Emanuele Roberto",
    title = "{Unbiased spin-dependent Parton Distribution Functions}",
    eprint = "1403.0440",
    archivePrefix = "arXiv",
    primaryClass = "hep-ph",
    doi = "10.13130/nocera-emanuele-roberto_phd2014-02-28",
    school = "Milan U.",
    year = "2014"
}

@article{Stump:2001gu,
    author = "Stump, D. and Pumplin, J. and Brock, R. and Casey, D. and Huston, J. and Kalk, J. and Lai, H. L. and Tung, W. K.",
    title = "{Uncertainties of predictions from parton distribution functions. 1. The Lagrange multiplier method}",
    eprint = "hep-ph/0101051",
    archivePrefix = "arXiv",
    reportNumber = "MSU-HEP-07102, CERN-TH-2000-359",
    doi = "10.1103/PhysRevD.65.014012",
    journal = "Phys. Rev. D",
    volume = "65",
    pages = "014012",
    year = "2001"
}

@article{Pumplin:2001ct,
    author = "Pumplin, J. and Stump, D. and Brock, R. and Casey, D. and Huston, J. and Kalk, J. and Lai, H. L. and Tung, W. K.",
    title = "{Uncertainties of predictions from parton distribution functions. 2. The Hessian method}",
    eprint = "hep-ph/0101032",
    archivePrefix = "arXiv",
    reportNumber = "MSU-HEP-07101, CERN-TH-2000-360",
    doi = "10.1103/PhysRevD.65.014013",
    journal = "Phys. Rev. D",
    volume = "65",
    pages = "014013",
    year = "2001"
}

@article{Close:1994he,
    author = "Close, F. E. and Roberts, R. G.",
    title = "{The Spin dependence of diffractive processes and implications for the small x behavior of g1 and the spin content of the nucleon}",
    eprint = "hep-ph/9407204",
    archivePrefix = "arXiv",
    reportNumber = "RAL-94-071",
    doi = "10.1016/0370-2693(94)90245-3",
    journal = "Phys. Lett. B",
    volume = "336",
    pages = "257--262",
    year = "1994"
}

@article{2016arXiv160904836S,
       author = {Shirish Keskar, Nitish and Mudigere, Dheevatsa and Nocedal, Jorge and Smelyanskiy, Mikhail and Tang, Ping Tak Peter},
        title = "{On Large-Batch Training for Deep Learning: Generalization Gap and Sharp Minima}",
      journal = {arXiv e-prints},
     keywords = {Computer Science - Machine Learning, Mathematics - Optimization and Control},
         year = 2016,
        month = sep,
          eid = {arXiv:1609.04836},
        pages = {arXiv:1609.04836},
          doi = {10.48550/arXiv.1609.04836},
archivePrefix = {arXiv},
       eprint = {1609.04836},
 primaryClass = {cs.LG},
       adsurl = {https://ui.adsabs.harvard.edu/abs/2016arXiv160904836S},
      adsnote = {Provided by the SAO/NASA Astrophysics Data System}
}

@article{DelDebbio:2021whr,
    author = "Del Debbio, Luigi and Giani, Tommaso and Wilson, Michael",
    title = "{Bayesian approach to inverse problems: an application to NNPDF closure testing}",
    eprint = "2111.05787",
    archivePrefix = "arXiv",
    primaryClass = "hep-ph",
    doi = "10.1140/epjc/s10052-022-10297-x",
    journal = "Eur. Phys. J. C",
    volume = "82",
    number = "4",
    pages = "330",
    year = "2022"
}
