@article{Borsa:2020lsz,
    author = "Borsa, Ignacio and Lucero, Gonzalo and Sassot, Rodolfo and Aschenauer, Elke C. and Nunes, Ana S.",
    title = "{Revisiting helicity parton distributions at a future electron-ion collider}",
    eprint = "2007.08300",
    archivePrefix = "arXiv",
    primaryClass = "hep-ph",
    doi = "10.1103/PhysRevD.102.094018",
    journal = "Phys. Rev. D",
    volume = "102",
    number = "9",
    pages = "094018",
    year = "2020"
}

@article{AbdulKhalek:2021gbh,
    author = "Abdul Khalek, R. and others",
    title = "{Science Requirements and Detector Concepts for the Electron-Ion Collider}: {EIC Yellow Report}",
    eprint = "2103.05419",
    archivePrefix = "arXiv",
    primaryClass = "physics.ins-det",
    reportNumber = "BNL-220990-2021-FORE, JLAB-PHY-21-3198, LA-UR-21-20953",
    doi = "10.1016/j.nuclphysa.2022.122447",
    journal = "Nucl. Phys. A",
    volume = "1026",
    pages = "122447",
    year = "2022"
}

@article{EuropeanMuon:1987isl,
    author = "Ashman, J. and others",
    editor = "Hughes, V. W. and Cavata, C.",
    collaboration = "European Muon",
    title = "{A Measurement of the Spin Asymmetry and Determination of the Structure Function g(1) in Deep Inelastic Muon-Proton Scattering}",
    reportNumber = "CERN-EP-87-230",
    doi = "10.1016/0370-2693(88)91523-7",
    journal = "Phys. Lett. B",
    volume = "206",
    pages = "364",
    year = "1988"
}

@article{Leader_Anselmino,
  author  = {Leader,Elliot  and Anselmino,Mauro },
  title   = {A crisis in the parton model: Where, oh where is the proton's spin?},
  journal = {AIP Conference Proceedings},
  volume  = {187},
  number  = {1},
  pages   = {764-785},
  year    = {1989},
  doi     = {10.1063/1.38312},
  url     = {https://aip.scitation.org/doi/abs/10.1063/1.38312},
  eprint  = {https://aip.scitation.org/doi/pdf/10.1063/1.38312}
}