@article{E142:1993hql,
    author = "Anthony, P. L. and others",
    editor = "Hughes, V. W. and Cavata, C.",
    collaboration = "E142",
    title = "{Determination of the neutron spin structure function.}",
    reportNumber = "SLAC-PUB-6101",
    doi = "10.1103/PhysRevLett.71.959",
    journal = "Phys. Rev. Lett.",
    volume = "71",
    pages = "959--962",
    year = "1993"
}

@article{E143:1998hbs,
    author = "Abe, K. and others",
    collaboration = "E143",
    title = "{Measurements of the proton and deuteron spin structure functions g(1) and g(2)}",
    eprint = "hep-ph/9802357",
    archivePrefix = "arXiv",
    reportNumber = "SLAC-PUB-7753",
    doi = "10.1103/PhysRevD.58.112003",
    journal = "Phys. Rev. D",
    volume = "58",
    pages = "112003",
    year = "1998"
}

@article{E154:1997xfa,
    author = "Abe, K. and others",
    editor = "Frois, B. and Hughes, V. W. and De Groot, N.",
    collaboration = "E154",
    title = "{Precision determination of the neutron spin structure function g1(n)}",
    eprint = "hep-ex/9705012",
    archivePrefix = "arXiv",
    reportNumber = "SLAC-PUB-7459",
    doi = "10.1103/PhysRevLett.79.26",
    journal = "Phys. Rev. Lett.",
    volume = "79",
    pages = "26--30",
    year = "1997"
}

@article{E155:2000qdr,
    author = "Anthony, P. L and others",
    collaboration = "E155",
    title = "{Measurements of the Q**2 dependence of the proton and neutron spin structure functions g(1)**p and g(1)**n}",
    eprint = "hep-ph/0007248",
    archivePrefix = "arXiv",
    reportNumber = "SLAC-PUB-7994, JLAB-PHY-00-81",
    doi = "10.1016/S0370-2693(00)01014-5",
    journal = "Phys. Lett. B",
    volume = "493",
    pages = "19--28",
    year = "2000"
}

@article{EuropeanMuon:1989yki,
    author = "Ashman, J. and others",
    editor = "Hughes, V. W. and Cavata, C.",
    collaboration = "European Muon",
    title = "{An Investigation of the Spin Structure of the Proton in Deep Inelastic Scattering of Polarized Muons on Polarized Protons}",
    reportNumber = "CERN-EP-89-73",
    doi = "10.1016/0550-3213(89)90089-8",
    journal = "Nucl. Phys. B",
    volume = "328",
    pages = "1",
    year = "1989"
}

@article{JeffersonLabHallA:2016neg,
    author = "Flay, D. and others",
    collaboration = "Jefferson Lab Hall A",
    title = "{Measurements of $d_{2}^{n}$ and $A_{1}^{n}$: Probing the neutron spin structure}",
    eprint = "1603.03612",
    archivePrefix = "arXiv",
    primaryClass = "nucl-ex",
    reportNumber = "JLAB-PHY-16-2297",
    doi = "10.1103/PhysRevD.94.052003",
    journal = "Phys. Rev. D",
    volume = "94",
    number = "5",
    pages = "052003",
    year = "2016"
}

@article{Kramer:2002tt,
    author = "Kramer, K. M.",
    editor = "Makdisi, Y. I. and Luccio, A. U. and MacKay, W. W.",
    collaboration = "Jefferson Lab E97-103",
    title = "{The Search for Higher Twist Effects in the Spin-Structure Functions of the Neutron}",
    reportNumber = "JLAB-PHY-02-172",
    doi = "10.1063/1.1607208",
    journal = "AIP Conf. Proc.",
    volume = "675",
    number = "1",
    pages = "615--619",
    year = "2003"
}

@article{JeffersonLabHallA:2004tea,
    author = "Zheng, X. and others",
    collaboration = "Jefferson Lab Hall A",
    title = "{Precision measurement of the neutron spin asymmetries and spin-dependent structure functions in the valence quark region}",
    eprint = "nucl-ex/0405006",
    archivePrefix = "arXiv",
    reportNumber = "JLAB-PHY-04-24",
    doi = "10.1103/PhysRevC.70.065207",
    journal = "Phys. Rev. C",
    volume = "70",
    pages = "065207",
    year = "2004"
}

@article{CLAS:2014qtg,
    author = "Prok, Y. and others",
    collaboration = "CLAS",
    title = "{Precision measurements of $g_1$ of the proton and the deuteron with 6 GeV electrons}",
    eprint = "1404.6231",
    archivePrefix = "arXiv",
    primaryClass = "nucl-ex",
    reportNumber = "JLAB-PHY-14-1879",
    doi = "10.1103/PhysRevC.90.025212",
    journal = "Phys. Rev. C",
    volume = "90",
    number = "2",
    pages = "025212",
    year = "2014"
}

@article{SpinMuon:1999udj,
    author = "Adeva, B. and others",
    collaboration = "Spin Muon",
    title = "{Spin asymmetries A(1) of the proton and the deuteron in the low x and low Q**2 region from polarized high-energy muon scattering}",
    reportNumber = "CERN-EP-99-061, CERN-EP-99-61",
    doi = "10.1103/PhysRevD.60.072004",
    journal = "Phys. Rev. D",
    volume = "60",
    pages = "072004",
    year = "1999",
    note = "[Erratum: Phys.Rev.D 62, 079902 (2000)]"
}

@article{COMPASS:2006mhr,
    author = "Alexakhin, V. Yu. and others",
    collaboration = "COMPASS",
    title = "{The Deuteron Spin-dependent Structure Function g1(d) and its First Moment}",
    eprint = "hep-ex/0609038",
    archivePrefix = "arXiv",
    reportNumber = "DAPNIA-06-234, CERN-PH-EP-2006-029",
    doi = "10.1016/j.physletb.2006.12.076",
    journal = "Phys. Lett. B",
    volume = "647",
    pages = "8--17",
    year = "2007"
}

@article{COMPASS:2010wkz,
    author = "Alekseev, M. G. and others",
    collaboration = "COMPASS",
    title = "{The Spin-dependent Structure Function of the Proton $g_1^p$ and a Test of the Bjorken Sum Rule}",
    eprint = "1001.4654",
    archivePrefix = "arXiv",
    primaryClass = "hep-ex",
    reportNumber = "CERN-PH-EP-2010-001",
    doi = "10.1016/j.physletb.2010.05.069",
    journal = "Phys. Lett. B",
    volume = "690",
    pages = "466--472",
    year = "2010"
}

@article{HERMES:1997hjr,
    author = "Ackerstaff, K. and others",
    editor = "Frois, B. and Hughes, V. W. and De Groot, N.",
    collaboration = "HERMES",
    title = "{Measurement of the neutron spin structure function g1(n) with a polarized He-3 internal target}",
    eprint = "hep-ex/9703005",
    archivePrefix = "arXiv",
    reportNumber = "OAP-741, DESY-97-085",
    doi = "10.1016/S0370-2693(97)00611-4",
    journal = "Phys. Lett. B",
    volume = "404",
    pages = "383--389",
    year = "1997"
}

@article{HERMES:2006jyl,
    author = "Airapetian, A. and others",
    collaboration = "HERMES",
    title = "{Precise determination of the spin structure function g(1) of the proton, deuteron and neutron}",
    eprint = "hep-ex/0609039",
    archivePrefix = "arXiv",
    reportNumber = "DESY-06-142",
    doi = "10.1103/PhysRevD.75.012007",
    journal = "Phys. Rev. D",
    volume = "75",
    pages = "012007",
    year = "2007"
}

@article{COMPASS:2010hwr,
    author = "Alekseev, M. G. and others",
    collaboration = "COMPASS",
    title = "{Quark helicity distributions from longitudinal spin asymmetries in muon-proton and muon-deuteron scattering}",
    eprint = "1007.4061",
    archivePrefix = "arXiv",
    primaryClass = "hep-ex",
    reportNumber = "CERN-PH-EP-2010-023",
    doi = "10.1016/j.physletb.2010.08.034",
    journal = "Phys. Lett. B",
    volume = "693",
    pages = "227--235",
    year = "2010"
}

@article{HERMES:2018awh,
    author = "Airapetian, A. and others",
    collaboration = "HERMES",
    title = "{Longitudinal double-spin asymmetries in semi-inclusive deep-inelastic scattering of electrons and positrons by protons and deuterons}",
    eprint = "1810.07054",
    archivePrefix = "arXiv",
    primaryClass = "hep-ex",
    reportNumber = "DESY-18-181, DESY 18-181",
    doi = "10.1103/PhysRevD.99.112001",
    journal = "Phys. Rev. D",
    volume = "99",
    number = "11",
    pages = "112001",
    year = "2019"
}

@phdthesis{Nocera:2014vla,
    author = "Nocera, Emanuele Roberto",
    title = "{Unbiased spin-dependent Parton Distribution Functions}",
    eprint = "1403.0440",
    archivePrefix = "arXiv",
    primaryClass = "hep-ph",
    doi = "10.13130/nocera-emanuele-roberto_phd2014-02-28",
    school = "Milan U.",
    year = "2014"
}

@article{NNPDF:2021njg,
    author = "Ball, Richard D. and others",
    collaboration = "NNPDF",
    title = "{The path to proton structure at 1\% accuracy}",
    eprint = "2109.02653",
    archivePrefix = "arXiv",
    primaryClass = "hep-ph",
    reportNumber = "Edinburgh 2021/12, Nikhef-2021-013, TIF-UNIMI-2021-11",
    doi = "10.1140/epjc/s10052-022-10328-7",
    journal = "Eur. Phys. J. C",
    volume = "82",
    number = "5",
    pages = "428",
    year = "2022"
}

@article{Nakamura_2010,
doi = {10.1088/0954-3899/37/7A/075021},
url = {https://dx.doi.org/10.1088/0954-3899/37/7A/075021},
year = {2010},
month = {jul},
publisher = {},
volume = {37},
number = {7A},
pages = {075021},
author = {K Nakamura and (Particle Data Group)},
title = {Review of Particle Physics},
journal = {Journal of Physics G: Nuclear and Particle Physics},
abstract = {This biennial  Review summarizes much of particle physics. Using data from previous editions, plus 2158 new measurements from 551 papers, we list, evaluate, and average measured properties of gauge bosons, leptons, quarks, mesons, and baryons. We also summarize searches for hypothetical particles such as Higgs bosons, heavy neutrinos, and supersymmetric particles. All the particle properties and search limits are listed in Summary Tables. We also give numerous tables, figures, formulae, and reviews of topics such as the Standard Model, particle detectors, probability, and statistics. Among the 108 reviews are many that are new or heavily revised including those on  neutrino mass, mixing, and oscillations, QCD, top quark, CKM quark-mixing matrix,  Vud &amp;  Vus,  Vcb &amp;  Vub,  fragmentation functions, particle detectors for accelerator and non-accelerator physics, magnetic monopoles, cosmological parameters, and big bang cosmology. 

  A booklet is available containing the Summary Tables and abbreviated versions of some of the other sections of this full  Review. All tables, listings, and reviews (and errata) are also available on the Particle Data Group website:  pdg.lbl.gov.}
}

@article{DelDebbio:2004xtd,
    author = "Del Debbio, Luigi and Forte, Stefano and Latorre, Jose I. and Piccione, Andrea and Rojo, Joan",
    collaboration = "NNPDF",
    title = "{Unbiased determination of the proton structure function F(2)**p with faithful uncertainty estimation}",
    eprint = "hep-ph/0501067",
    archivePrefix = "arXiv",
    reportNumber = "CERN-PH-TH-2004-254, IFUM-819-FT, UB-ECM-PF-04-18, GEF-TH-15-04, DFTT-30-04",
    doi = "10.1088/1126-6708/2005/03/080",
    journal = "JHEP",
    volume = "03",
    pages = "080",
    year = "2005"
}

@article{Khalek:2021gxf,
    author = "Khalek, Rabah Abdul and Bertone, Valerio and Nocera, Emanuele R.",
    collaboration = "MAP (Multi-dimensional Analyses of Partonic distributions)",
    title = "{Determination of unpolarized pion fragmentation functions using semi-inclusive deep-inelastic-scattering data}",
    eprint = "2105.08725",
    archivePrefix = "arXiv",
    primaryClass = "hep-ph",
    doi = "10.1103/PhysRevD.104.034007",
    journal = "Phys. Rev. D",
    volume = "104",
    number = "3",
    pages = "034007",
    year = "2021"
}

@article{AbdulKhalek:2022laj,
    author = "Abdul Khalek, Rabah and Bertone, Valerio and Khoudli, Alice and Nocera, Emanuele R.",
    collaboration = "MAP (Multi-dimensional Analyses of Partonic distributions)",
    title = "{Pion and kaon fragmentation functions at next-to-next-to-leading order}",
    eprint = "2204.10331",
    archivePrefix = "arXiv",
    primaryClass = "hep-ph",
    reportNumber = "JLAB-THY-22-3605",
    doi = "10.1016/j.physletb.2022.137456",
    journal = "Phys. Lett. B",
    volume = "834",
    pages = "137456",
    year = "2022"
}

@article{Nocera:2014gqa,
    author = "Nocera, Emanuele R. and Ball, Richard D. and Forte, Stefano and Ridolfi, Giovanni and Rojo, Juan",
    collaboration = "NNPDF",
    title = "{A first unbiased global determination of polarized PDFs and their uncertainties}",
    eprint = "1406.5539",
    archivePrefix = "arXiv",
    primaryClass = "hep-ph",
    reportNumber = "CERN-PH-TH-2014-106, IFUN-1028-FT, EDINBURGH-14-11, OUTP-14-06P",
    doi = "10.1016/j.nuclphysb.2014.08.008",
    journal = "Nucl. Phys. B",
    volume = "887",
    pages = "276--308",
    year = "2014"
}

@book{pml1Book,
 author = "Kevin P. Murphy",
 title = "Probabilistic Machine Learning: An introduction",
 publisher = "MIT Press",
 year = 2022,
 url = "probml.ai"
}

@article{Altarelli:1998gn,
    author = "Altarelli, Guido and Forte, Stefano and Ridolfi, Giovanni",
    title = "{On positivity of parton distributions}",
    eprint = "hep-ph/9806345",
    archivePrefix = "arXiv",
    reportNumber = "CERN-TH-98-156, DFTT-28-98, GEF-TH-6-98",
    doi = "10.1016/S0550-3213(98)00661-0",
    journal = "Nucl. Phys. B",
    volume = "534",
    pages = "277--296",
    year = "1998"
}

@article{Kassabov:2022pps,
    author = "Kassabov, Zahari and Nocera, Emanuele R. and Wilson, Michael",
    title = "{Regularising experimental correlations in LHC data: theory and application to a global analysis of parton distributions}",
    eprint = "2207.00690",
    archivePrefix = "arXiv",
    primaryClass = "hep-ph",
    doi = "10.1140/epjc/s10052-022-10932-7",
    journal = "Eur. Phys. J. C",
    volume = "82",
    number = "10",
    pages = "956",
    year = "2022"
}

@article{Rojo:2015acz,
    author = "Rojo, Juan and others",
    title = "{The PDF4LHC report on PDFs and LHC data: Results from Run I and preparation for Run II}",
    eprint = "1507.00556",
    archivePrefix = "arXiv",
    primaryClass = "hep-ph",
    reportNumber = "OUTP-15-11P, LCTS-2015-14, GLAS-PPE-2015-01, DESY-15-088, CERN-PH-TH-2015-150, JLAB-THY-15-2064",
    doi = "10.1088/0954-3899/42/10/103103",
    journal = "J. Phys. G",
    volume = "42",
    pages = "103103",
    year = "2015"
}

@article{Buckley:2014ana,
    author = {Buckley, Andy and Ferrando, James and Lloyd, Stephen and Nordstr\"om, Karl and Page, Ben and R\"ufenacht, Martin and Sch\"onherr, Marek and Watt, Graeme},
    title = "{LHAPDF6: parton density access in the LHC precision era}",
    eprint = "1412.7420",
    archivePrefix = "arXiv",
    primaryClass = "hep-ph",
    reportNumber = "GLAS-PPE-2014-05, MCNET-14-29, IPPP-14-111, DCPT-14-222",
    doi = "10.1140/epjc/s10052-015-3318-8",
    journal = "Eur. Phys. J. C",
    volume = "75",
    pages = "132",
    year = "2015"
}

@article{NNPDF:2017mvq,
    author = "Ball, Richard D. and others",
    collaboration = "NNPDF",
    title = "{Parton distributions from high-precision collider data}",
    eprint = "1706.00428",
    archivePrefix = "arXiv",
    primaryClass = "hep-ph",
    reportNumber = "EDINBURGH-2017-08, NIKHEF-2017-006, OUTP-17-04P, TIF-UNIMI-2017-3, CAVENDISH-HEP-17-06, CERN-TH-2017-077, Edinburgh 2017/08,
  Nikhef/2017-006, OUTP-17-04P,TIF-UNIMI-2017-3",
    doi = "10.1140/epjc/s10052-017-5199-5",
    journal = "Eur. Phys. J. C",
    volume = "77",
    number = "10",
    pages = "663",
    year = "2017"
}

@article{Ethier:2017zbq,
    author = "Ethier, J. J. and Sato, N. and Melnitchouk, W.",
    title = "{First simultaneous extraction of spin-dependent parton distributions and fragmentation functions from a global QCD analysis}",
    eprint = "1705.05889",
    archivePrefix = "arXiv",
    primaryClass = "hep-ph",
    reportNumber = "JLAB-THY-17-2464",
    doi = "10.1103/PhysRevLett.119.132001",
    journal = "Phys. Rev. Lett.",
    volume = "119",
    number = "13",
    pages = "132001",
    year = "2017"
}

@article{deFlorian:2008mr,
    author = "de Florian, Daniel and Sassot, Rodolfo and Stratmann, Marco and Vogelsang, Werner",
    title = "{Global Analysis of Helicity Parton Densities and Their Uncertainties}",
    eprint = "0804.0422",
    archivePrefix = "arXiv",
    primaryClass = "hep-ph",
    reportNumber = "BNL-NT-08-8",
    doi = "10.1103/PhysRevLett.101.072001",
    journal = "Phys. Rev. Lett.",
    volume = "101",
    pages = "072001",
    year = "2008"
}

@article{Ball:2011gg,
    author = "Ball, Richard D. and Bertone, Valerio and Cerutti, Francesco and Del Debbio, Luigi and Forte, Stefano and Guffanti, Alberto and Hartland, Nathan P. and Latorre, Jose I. and Rojo, Juan and Ubiali, Maria",
    title = "{Reweighting and Unweighting of Parton Distributions and the LHC W lepton asymmetry data}",
    eprint = "1108.1758",
    archivePrefix = "arXiv",
    primaryClass = "hep-ph",
    reportNumber = "EDINBURGH-2011-15, IFUM-981-FT, FR-PHENO-2011-013, RWTH-TTK-11-32",
    doi = "10.1016/j.nuclphysb.2011.10.018",
    journal = "Nucl. Phys. B",
    volume = "855",
    pages = "608--638",
    year = "2012"
}

@article{Ball:2010gb,
    author = "Ball, Richard D. and Bertone, Valerio and Cerutti, Francesco and Del Debbio, Luigi and Forte, Stefano and Guffanti, Alberto and Latorre, Jose I. and Rojo, Juan and Ubiali, Maria",
    collaboration = "NNPDF",
    title = "{Reweighting NNPDFs: the W lepton asymmetry}",
    eprint = "1012.0836",
    archivePrefix = "arXiv",
    primaryClass = "hep-ph",
    reportNumber = "EDINBURGH-2010-24, IFUM-968-FT, FR-PHENO-2010-040, RWTH-TTK-10-55",
    doi = "10.1016/j.nuclphysb.2011.03.017",
    journal = "Nucl. Phys. B",
    volume = "849",
    pages = "112--143",
    year = "2011",
    note = "[Erratum: Nucl.Phys.B 854, 926--927 (2012), Erratum: Nucl.Phys.B 855, 927--928 (2012)]"
}